<collection xmlns="http://www.loc.gov/MARC21/slim"><record><leader>00756nam  2200205   450</leader><controlfield tag="001">945</controlfield><controlfield tag="003">http://montalegre.opacnet.com/OPAC/default.aspx?ContentAreaControl=ShowRegHoldings.ascx&amp;RegNo=16662</controlfield><datafield tag="100" ind1=" " ind2=" "><subfield code="a">20061013d1985    m  y0pora010305  ba</subfield></datafield><datafield tag="101" ind1="1" ind2=" "><subfield code="a">por</subfield><subfield code="c">eng</subfield></datafield><datafield tag="102" ind1=" " ind2=" "><subfield code="a">PT</subfield></datafield><datafield tag="200" ind1="1" ind2=" "><subfield code="a">Missão no árctico</subfield><subfield code="f">Cor de bolsoAlistair Stuart MacLean</subfield><subfield code="g">trad. Ana Maria Braga</subfield></datafield><datafield tag="210" ind1=" " ind2=" "><subfield code="a">Mem Martins</subfield><subfield code="c">Europa-América</subfield><subfield code="d">[D.L. 1985]</subfield></datafield><datafield tag="215" ind1=" " ind2=" "><subfield code="a">216 p.</subfield><subfield code="d">18 cm</subfield></datafield><datafield tag="225" ind1="2" ind2=" "><subfield code="a">Livros de bolso</subfield><subfield code="i">Série guerra e espionagem</subfield><subfield code="v">29</subfield></datafield><datafield tag="304" ind1=" " ind2=" "><subfield code="a">Tit. orig.: Ice Station Zebra</subfield></datafield><datafield tag="675" ind1=" " ind2=" "><subfield code="a">821</subfield><subfield code="v">BN</subfield><subfield code="z">por</subfield></datafield><datafield tag="700" ind1=" " ind2="1"><subfield code="a">MacLean</subfield><subfield code="b">Alistair Stuart</subfield><subfield code="f">1922-1987</subfield></datafield><datafield tag="702" ind1=" " ind2="1"><subfield code="a">Braga</subfield><subfield code="b">Ana Maria Dias</subfield><subfield code="4">730</subfield></datafield><datafield tag="801" ind1=" " ind2="0"><subfield code="a">PT</subfield><subfield code="b">Biblioteca Municipal de Montalegre</subfield><subfield code="g">RPC</subfield></datafield><datafield tag="856" ind1=" " ind2=" "><subfield code="u">locateMedia.asp?cod=20060703101806&amp;ext=jpg</subfield><subfield code="z">CAPA</subfield></datafield><datafield tag="909" ind1="&#9;" ind2=" "><subfield code="a">1</subfield></datafield><datafield tag="966" ind1=" " ind2=" "><subfield code="a">0005461</subfield><subfield code="l">BMM</subfield><subfield code="s">SCG 821 MAc mis 29</subfield></datafield></record></collection>